<record><leader>00000cas a22000007a 4500</leader><controlfield tag="001">13899613</controlfield><controlfield tag="008">860718d18791896iauwr ne      0    0eng d</controlfield><datafield ind1=" " ind2=" " tag="010"><subfield code="a">sn 86060084 </subfield></datafield><datafield ind1=" " ind2=" " tag="040"><subfield code="a">INP</subfield><subfield code="b">eng</subfield><subfield code="c">INP</subfield><subfield code="d">OCLCQ</subfield></datafield><datafield ind1=" " ind2=" " tag="042"><subfield code="a">msc</subfield></datafield><datafield ind1="0" ind2="4" tag="245"><subfield code="a">The Creston advertiser.</subfield></datafield><datafield ind1="1" ind2="7" tag="246"><subfield code="a">Creston weekly advertiser</subfield><subfield code="f">&lt;Jan. 19, 1893&gt;-Feb. 27, 1896</subfield></datafield><datafield ind1=" " ind2=" " tag="260"><subfield code="a">Creston, Iowa :</subfield><subfield code="b">S.A. Brewster,</subfield><subfield code="c">-1896.</subfield></datafield><datafield ind1=" " ind2=" " tag="300"><subfield code="a">v. :</subfield><subfield code="b">ill. ;</subfield><subfield code="c">53-59 cm.</subfield></datafield><datafield ind1=" " ind2=" " tag="310"><subfield code="a">Weekly</subfield></datafield><datafield ind1="0" ind2=" " tag="362"><subfield code="a">-v. 17, no. 35 (Feb. 27, 1896).</subfield></datafield><datafield ind1="1" ind2=" " tag="362"><subfield code="a">Began Mar. 27, 1879.</subfield><subfield code="z">Cf. Bibl. of Iowa newspapers.</subfield></datafield><datafield ind1=" " ind2=" " tag="500"><subfield code="a">"An independent Democratic newspaper, devoted to the interests of Creston and Union County," &lt;Jan. 19&gt;-Apr. 27, 1893.</subfield></datafield><datafield ind1=" " ind2=" " tag="588"><subfield code="a">Description based on: Vol. 7, no. 7 (Aug. 29, 1885).</subfield></datafield><datafield ind1=" " ind2=" " tag="752"><subfield code="a">United States</subfield><subfield code="b">Iowa</subfield><subfield code="c">Union</subfield><subfield code="d">Creston.</subfield></datafield><datafield ind1="0" ind2=" " tag="775"><subfield code="t">Creston daily advertiser (Creston, Iowa : 1881)</subfield><subfield code="w">(DLC)sn 86060075</subfield><subfield code="g">&lt;Aug. 29, 1885&gt;-1896</subfield></datafield><datafield ind1="0" ind2="0" tag="785"><subfield code="t">Creston weekly advertiser (Creston, Iowa : 1896)</subfield><subfield code="w">(DLC)sn 86060082</subfield></datafield><datafield ind1="1" ind2=" " tag="029"><subfield code="a">AU@</subfield><subfield code="b">000023563877</subfield></datafield></record>